<record><leader>00000cas a22000007a 4500</leader><controlfield tag="001">15560820</controlfield><controlfield tag="008">870421d18951951vauwr ne      0    0eng d</controlfield><datafield ind1=" " ind2=" " tag="010"><subfield code="a">sn 87080629 </subfield></datafield><datafield ind1=" " ind2=" " tag="040"><subfield code="a">NPH</subfield><subfield code="b">eng</subfield><subfield code="c">NPH</subfield><subfield code="d">MGN</subfield><subfield code="d">NVK</subfield><subfield code="d">OCL</subfield><subfield code="d">OCLCQ</subfield><subfield code="d">OCLCF</subfield><subfield code="d">OCLCO</subfield></datafield><datafield ind1=" " ind2=" " tag="042"><subfield code="a">msc</subfield></datafield><datafield ind1=" " ind2=" " tag="043"><subfield code="a">n-us-va</subfield></datafield><datafield ind1="0" ind2="4" tag="245"><subfield code="a">The Manassas journal.</subfield></datafield><datafield ind1=" " ind2=" " tag="260"><subfield code="a">Manassas, Va. :</subfield><subfield code="b">[s.n.]</subfield></datafield><datafield ind1=" " ind2=" " tag="300"><subfield code="a">v. :</subfield><subfield code="b">ill. ;</subfield><subfield code="c">55 cm.</subfield></datafield><datafield ind1=" " ind2=" " tag="310"><subfield code="a">Weekly</subfield></datafield><datafield ind1="1" ind2=" " tag="362"><subfield code="a">Began May 24, 1895; ceased in 1951?</subfield></datafield><datafield ind1=" " ind2=" " tag="500"><subfield code="a">Publishers: W.H.W. Moran &amp; Co., &lt;Nov. 1901-&gt;; Manassas Journal Pub. Co., Inc., &lt;Dec. 1907-&gt;; D.R. Lewis, &lt;Dec. 1922-&gt;; Frederick W. Patterson, &lt;Dec. 1928-&gt;; W.H. Lamb and R.D. Wharton, &lt;Jan. 1930-&gt;; W.H. Lamb, &lt;June 1943-&gt;; George E. Lamb, &lt;Mar. 1945-&gt;; Prince William Pub. Co., &lt;Dec. 1947&gt;-</subfield></datafield><datafield ind1=" " ind2=" " tag="530"><subfield code="a">Available on microfilm from Bell &amp; Howell.</subfield></datafield><datafield ind1=" " ind2=" " tag="580"><subfield code="a">On Nov. 22, 1951, Manassas journal merged with: Manassas messenger (Manassas, Va.) to form: Journal messenger.</subfield></datafield><datafield ind1=" " ind2=" " tag="588"><subfield code="a">Description based on: Vol. 2, no. 51 (May 21, 1897).</subfield></datafield><datafield ind1=" " ind2="0" tag="651"><subfield code="a">Manassas (Va.)</subfield><subfield code="v">Newspapers.</subfield></datafield><datafield ind1=" " ind2="7" tag="655"><subfield code="a">Newspapers.</subfield><subfield code="2">fast</subfield><subfield code="0">(OCoLC)fst01423814</subfield></datafield><datafield ind1=" " ind2="7" tag="651"><subfield code="a">Virginia</subfield><subfield code="z">Manassas.</subfield><subfield code="2">fast</subfield><subfield code="0">(OCoLC)fst01214877</subfield></datafield><datafield ind1=" " ind2=" " tag="752"><subfield code="a">United States</subfield><subfield code="b">Virginia</subfield><subfield code="c">Prince William</subfield><subfield code="d">Manassas.</subfield></datafield><datafield ind1="0" ind2="5" tag="780"><subfield code="t">Manassas gazette (Manassas, Va. : 1869 : Weekly)</subfield><subfield code="w">(DLC)sn 84025985</subfield></datafield><datafield ind1="1" ind2="7" tag="785"><subfield code="t">Manassas messenger</subfield><subfield code="w">(DLC)sn 99066758</subfield></datafield><datafield ind1="1" ind2="7" tag="785"><subfield code="t">Journal messenger</subfield><subfield code="w">(DLC)sn 83000665</subfield></datafield></record>